<record><leader>00000cas a22000007a 4500</leader><controlfield tag="001">26156397</controlfield><controlfield tag="008">920709d19501959nmuwr ne      0    0eng d</controlfield><datafield ind1=" " ind2=" " tag="010"><subfield code="a">sn 92070438 </subfield></datafield><datafield ind1=" " ind2=" " tag="040"><subfield code="a">NVM</subfield><subfield code="b">eng</subfield><subfield code="c">NVM</subfield><subfield code="d">OCLCQ</subfield><subfield code="d">OCLCF</subfield><subfield code="d">OCLCO</subfield><subfield code="d">IUL</subfield></datafield><datafield ind1="0" ind2=" " tag="041"><subfield code="a">eng</subfield><subfield code="a">spa</subfield></datafield><datafield ind1=" " ind2=" " tag="042"><subfield code="a">msc</subfield></datafield><datafield ind1=" " ind2=" " tag="043"><subfield code="a">n-us-nm</subfield></datafield><datafield ind1="0" ind2=" " tag="130"><subfield code="a">Defensor (Socorro, N.M.)</subfield></datafield><datafield ind1="0" ind2="3" tag="245"><subfield code="a">El defensor.</subfield></datafield><datafield ind1="1" ind2="7" tag="246"><subfield code="a">Defensor, the Socorro County news</subfield></datafield><datafield ind1="1" ind2="3" tag="246"><subfield code="a">Defensor Socorro County news</subfield></datafield><datafield ind1=" " ind2=" " tag="260"><subfield code="a">Socorro, N.M. :</subfield><subfield code="b">A.D. Morgan</subfield></datafield><datafield ind1=" " ind2=" " tag="300"><subfield code="a">v.</subfield></datafield><datafield ind1=" " ind2=" " tag="310"><subfield code="a">Weekly</subfield></datafield><datafield ind1="0" ind2=" " tag="362"><subfield code="a">Vol. 46, no. 2398 (May 26, 1950)-v. 60, no. 43 (Oct. 28, 1959).</subfield></datafield><datafield ind1=" " ind2=" " tag="546"><subfield code="a">Includes a Spanish language section.</subfield></datafield><datafield ind1=" " ind2="0" tag="651"><subfield code="a">Socorro (N.M.)</subfield><subfield code="v">Newspapers.</subfield></datafield><datafield ind1=" " ind2="0" tag="651"><subfield code="a">Socorro County (N.M.)</subfield><subfield code="v">Newspapers.</subfield></datafield><datafield ind1=" " ind2="7" tag="651"><subfield code="a">New Mexico</subfield><subfield code="z">Socorro.</subfield><subfield code="2">fast</subfield><subfield code="0">(OCoLC)fst01209291</subfield></datafield><datafield ind1=" " ind2="7" tag="651"><subfield code="a">New Mexico</subfield><subfield code="z">Socorro County.</subfield><subfield code="2">fast</subfield><subfield code="0">(OCoLC)fst01218291</subfield></datafield><datafield ind1=" " ind2="7" tag="655"><subfield code="a">Newspapers.</subfield><subfield code="2">fast</subfield><subfield code="0">(OCoLC)fst01423814</subfield></datafield><datafield ind1=" " ind2=" " tag="752"><subfield code="a">United States</subfield><subfield code="b">New Mexico</subfield><subfield code="c">Socorro</subfield><subfield code="d">Socorro.</subfield></datafield><datafield ind1="0" ind2="0" tag="780"><subfield code="t">Defensor del pueblo (Socorro, N.M.)</subfield><subfield code="w">(DLC)sn 87056968</subfield><subfield code="w">(OCoLC)15071154</subfield></datafield><datafield ind1="0" ind2="7" tag="785"><subfield code="t">Socorro chieftain (Socorro, N.M. : 1902)</subfield><subfield code="x">2329-7549</subfield><subfield code="w">(DLC)sn 86090503</subfield><subfield code="w">(OCoLC)14938354</subfield></datafield><datafield ind1="0" ind2="7" tag="785"><subfield code="t">Defensor chieftain (Socorro, N.M.)</subfield><subfield code="x">0011-7633</subfield><subfield code="w">(DLC)sn 78001677</subfield><subfield code="w">(OCoLC)4049023</subfield></datafield></record>